Beitrag in einer Zeitschrift
@article{Mythos,
  author = {Gerald Huber},
  title = {Rauhe {N}ächte, stille {T}age. {E}ine bayerische {Z}eitreise zu den {W}urzeln der {W}eihnacht},
  journal = {Sieben Siegel},
  volume = {5},
  number = {12},
  year = {2007},
  pages = {53-63}
}

Beitrag in einem Sammlungsband
@incollection{reiser
  author = {Marius Reiser},
  title = {Wie wahr ist die {W}eihnachtsgeschichte?},
  booktitle = {Erbe und Auftrag},
  pages = {451-463},
  publisher = {William B Eerdmans Publishing},
  year = {2003}
}

Buch
@book{scala,
  author = {Oscar Cullmann},
  title = {Die {E}ntstehung des {W]eihnachtsfestes und die {H]erkunft des {W}eihnachtsbaumes},
  year = {1994},
  publisher = {Quell, Stuttgart}
}

Beitrag im Berichtsband einer Konferenz
@inproceedings{rltl,
  author = {Tanja Roos},
  title = {Alle {J}ahre wieder? {W}eihnachtliche {K}onsumstrukturen im {W}andel: ein {K}ölner {B}eispiel},
  booktitle = {Worship},
  pages = {505-521},
  year = 2013,
  editor = {C. B. Jones and Z. Liu and J. Woodcock},
  volume = 73,
  publisher = {Kampen},
 }



